@GLOSSDEF{ api,
	word = "API",
	definition = "Interfaz de Programaci{\'o}n de Aplicaciones (Application Programming Interface). "
}

@GLOSSDEF{ rest,
	word = "REST",
	definition = "Transferencia de Estado Representacional (Representational State Transfer), es una t{\'e}cnica de arquitectura software. "
}

@GLOSSDEF{ isadg,
	word = "ISAD (G)",
	definition = "Norma Internacional General de Descripci{\'o}n Archiv{\'i}stica, 2a Edici{\'o}n. Comit{\'e} de Normas de Descripci{\'o}n, Consejo Internacional de Archivos, Estocolmo, Suecia, 19-22 septiembre 1999 [www.hmc.gov.uk/icacds/eng/ISAD(G)es.pdf]."
}

@GLOSSDEF{ idc,
	word = "IDC",
	definition = "International Data Corporation. Principal proveedor mundial de inteligencia de mercado, servicios de consultor{\'i}a y eventos para los mercados de tecnolog{\'i}a inform{\'a}tica, las telecomunicaciones y de consumo. Es una subsidiaria de IDG (International Data Group), la compa{\~n}{\'i}a l{\'i}der mundial en tecnolog{\'i}a, investigaci{\'o}n, y eventos"
}

@GLOSSDEF{ case,
	word = "CASE",
	definition = "Ingenier{\'i}a de Software Asistida por Ordenador (Computer Aided Software Engineering)."
}

@GLOSSDEF{ codeigniter,
	word = "CodeIgniter",
	definition = "Marco de trabajo de desarrollo web para PHP."
}

@GLOSSDEF{ ecm,
	word = "ECM",
	definition = "Gesti{\'o}n de Contenidos Empresariales (Enterprise Content Management)."
}

@GLOSSDEF{ ide,
	word = "IDE",
	definition = "Entorno Integrado de Desarrollo (Integrated Development Enviroment)."
}

@GLOSSDEF{ php,
	word = "PHP",
	definition = "Es un lenguaje de programaci{\'o}n interpretado, dise{\~n}ado originalmente para la creaci{\'o}n de p{\'a}ginas web din{\'a}micas."
}

@GLOSSDEF{ uml,
	word = "UML",
	definition = "Lenguaje Unificado de Modelado (Unified Modeling Language), es el lenguaje de modelado de sistemas de software m{\'a}s conocido y utilizado en la actualidad."
}

@GLOSSDEF{ tic,
	definition = "Tecnolog{\'i}as de la Informaci{\'o}n y las comunicaciones.",
	word = "TIC"
}

@GLOSSDEF{ sgde,
	definition = "Sistema de Gesti{\'o}n de Documentos Electr{\'o}nicos.",
	word = "SGDE"
}

@GLOSSDEF{ sgdea,
	definition = "Sistema de Gesti{\'o}n de Documentos Electr{\'o}nicos de Archivo.",
	word = "SGDEA"
}

@GLOSSDEF{ sms,
	definition = "Servicio de Mensajes Cortos (Short Message Service), es un servicio disponible en los tel{\'e}fonos m{\'o}viles que permite el env{\'i}o de mensajes cortos",
	word = "SMS"
}

@GLOSSDEF{ mms,
	definition = "Sistema de Mensajeria Multimedia (Multimedia Messaging System), es un sistema para enviar mensajes multimedia entre tel{\'e}fonos m{\'o}viles",
	word = "MMS"
}

@GLOSSDEF{ rup,
	word = "RUP",
	definition = "Rational Unified Process (Proceso Unificado de Desarrollo). Proceso de desarrollo de sofware centrado en la arquitectura, dirigido por casos de uso, iterativo e incremental que permite seguir el desarrollo de sofware durante todo el ciclo de vida del mismo."
}

@GLOSSDEF{ xp,
	definition = "Programaci{\'o}n Extrema (eXtreme Programming), es un enfoque de la ingenier{\'i}a de software.",
	word = "XP"
}

@GLOSSDEF{ scrum,
	definition = "Es una metodolog{\'i}a de desarrollo de software basada en un proceso iterativo e incremental utilizado com{\'u}nmente en entornos basados en el desarrollo {\'a}gil de software.",
	word = "SCRUM"
}

@GLOSSDEF{ fdd,
	definition = "Desarrollo Basado en Funcionalidades (Feature Driven Development), es una metodolog{\'i}a de desarrollo {\'a}gil, que disminuye el riesgo de los proyectos.",
	word = "FDD"
}

@GLOSSDEF{ cmm,
	definition = "Modelo de Capacidad y Madurez de Software (Software Capability Maturity Model), es un modelo de evaluaci{\'o}n de los procesos de una organizaci{\'o}n.",
	word = "SW-CMM"
}

@GLOSSDEF{ msf,
	definition = "Marco de trabajo de Solucions de Microsoft (Microsoft Solution Framework).",
	word = "MSF"
}

@GLOSSDEF{ omg,
	definition = "Grupo de Gesti{\'o}n de Objetos (Object Management Group), es un consorcio dedicado al cuidado y el establecimiento de diversos est{\'a}ndares de tecnolog{\'i}as orientadas a objetos entre los que se encuentra UML.",
	word = "OMG"
}

